<?xml version="1.0" encoding="UTF-8"?><collection xmlns="http://www.loc.gov/MARC21/slim"><record><leader>00378nam--2200133-i-4500</leader><controlfield tag="001">000019675</controlfield><controlfield tag="002">20161230</controlfield><controlfield tag="005">20161230201033</controlfield><controlfield tag="008">060222s1000------------r-----000-0-eng-d</controlfield><datafield ind1=" " ind2=" " tag="080"><subfield code="a">577.353(043)</subfield></datafield><datafield ind1=" " ind2=" " tag="100"><subfield code="a">Do Manh Cuong</subfield></datafield><datafield ind1=" " ind2=" " tag="245"><subfield code="a">Etude d un mouvement volontaire simple modelisation de la commande.these</subfield></datafield><datafield ind1=" " ind2=" " tag="260"><subfield code="a">Orsay, Universite De Paris-sud, 1976. 89 P</subfield></datafield><datafield ind1=" " ind2=" " tag="852"><subfield code="a">44972</subfield></datafield></record></collection>